<record><leader>00000cas a2200000 a 4500</leader><controlfield tag="001">35031591</controlfield><controlfield tag="008">960705d18921897miuwr ne      0    0eng c</controlfield><datafield ind1=" " ind2=" " tag="010"><subfield code="a">sn 96076788 </subfield></datafield><datafield ind1=" " ind2=" " tag="040"><subfield code="a">MHN</subfield><subfield code="b">eng</subfield><subfield code="c">MHN</subfield><subfield code="d">OCL</subfield><subfield code="d">OCLCQ</subfield><subfield code="d">OCLCF</subfield><subfield code="d">OCLCO</subfield></datafield><datafield ind1="1" ind2=" " tag="029"><subfield code="a">AU@</subfield><subfield code="b">000012679576</subfield></datafield><datafield ind1=" " ind2=" " tag="042"><subfield code="a">pcc</subfield></datafield><datafield ind1=" " ind2=" " tag="043"><subfield code="a">n-us-mi</subfield></datafield><datafield ind1="0" ind2=" " tag="130"><subfield code="a">Weekly courier (Coldwater, Mich.)</subfield></datafield><datafield ind1="1" ind2="4" tag="245"><subfield code="a">The Weekly courier.</subfield></datafield><datafield ind1=" " ind2=" " tag="260"><subfield code="a">Coldwater, Mich. :</subfield><subfield code="b">Newell &amp; Owen</subfield></datafield><datafield ind1=" " ind2=" " tag="300"><subfield code="a">v.</subfield></datafield><datafield ind1=" " ind2=" " tag="310"><subfield code="a">Weekly</subfield></datafield><datafield ind1="0" ind2=" " tag="362"><subfield code="a">Vol. 11, no. 2 (Nov. 19, 1892)-v. 13, no. 52 (Nov. 9, 1895) = whole no. 676 ; 14th yr., no. 1 (Nov. 16, 1895)-15th yr., no. 19 (Mar. 19, 1897).</subfield></datafield><datafield ind1=" " ind2=" " tag="580"><subfield code="a">Merged with: Coldwater Republican (Coldwater, Mich. : 1887), to form: Courier and Republican (Coldwater, Mich. : 1897).</subfield></datafield><datafield ind1=" " ind2="0" tag="651"><subfield code="a">Coldwater (Mich.)</subfield><subfield code="v">Newspapers.</subfield></datafield><datafield ind1=" " ind2="0" tag="651"><subfield code="a">Branch County (Mich.)</subfield><subfield code="v">Newspapers.</subfield></datafield><datafield ind1=" " ind2="7" tag="655"><subfield code="a">Newspapers.</subfield><subfield code="2">fast</subfield><subfield code="0">(OCoLC)fst01423814</subfield></datafield><datafield ind1=" " ind2="7" tag="651"><subfield code="a">Michigan</subfield><subfield code="z">Branch County.</subfield><subfield code="2">fast</subfield><subfield code="0">(OCoLC)fst01214762</subfield></datafield><datafield ind1=" " ind2="7" tag="651"><subfield code="a">Michigan</subfield><subfield code="z">Coldwater.</subfield><subfield code="2">fast</subfield><subfield code="0">(OCoLC)fst01217192</subfield></datafield><datafield ind1=" " ind2=" " tag="752"><subfield code="a">United States</subfield><subfield code="b">Michigan</subfield><subfield code="c">Branch</subfield><subfield code="d">Coldwater.</subfield></datafield><datafield ind1="0" ind2="0" tag="780"><subfield code="t">Courier (Coldwater, Mich. : 1882)</subfield><subfield code="w">(DLC)sn 85033609</subfield><subfield code="w">(OCoLC)12109156</subfield></datafield><datafield ind1="1" ind2="7" tag="785"><subfield code="t">Coldwater Republican (Coldwater, Mich. : 1887)</subfield><subfield code="w">(DLC)sn 96076783</subfield><subfield code="w">(OCoLC)35027491</subfield></datafield><datafield ind1="1" ind2="7" tag="785"><subfield code="t">Courier and Republican (Coldwater, Mich. : 1897)</subfield><subfield code="w">(DLC)sn 96076781</subfield><subfield code="w">(OCoLC)35027593</subfield></datafield></record>